@article{aronsson1995zero,
  title={Zero knowledge protocols and small systems},
  author={Aronsson, Hannu A},
  journal={Department of Computer Science, Helsinki University of Technology},
  year={1995},
  publisher={Citeseer}
}
 @misc{porter_2021, title={Security researcher recommends against LastPass after detailing 7 trackers}, url={https://www.theverge.com/2021/2/26/22302709/lastpass-android-app-trackers-security-research-privacy}, journal={The Verge}, publisher={The Verge}, author={Porter, Jon}, year={2021}, month={Feb}} 

 @inproceedings{mrdovic2008kerckhoffs,
  title={Kerckhoffs' principle for intrusion detection},
  author={Mrdovic, Sasa and Perunicic, Branislava},
  booktitle={Networks 2008-The 13th International Telecommunications Network Strategy and Planning Symposium},
  pages={1--8},
  year={2008},
  organization={IEEE}
}
 @misc{clark_2022, title={The Lastpass disclosure of leaked password vaults is being torn apart by security experts}, url={https://www.theverge.com/2022/12/28/23529547/lastpass-vault-breach-disclosure-encryption-cybersecurity-rebuttal}, journal={The Verge}, author={Clark, Mitchell}, year={2022}, month={Dec}} 

 @article{ledford2019millions,
  title={Millions affected by racial bias in health-care algorithm},
  author={Ledford, Heidi},
  journal={Nature},
  volume={574},
  number={31},
  pages={2},
  year={2019},
  publisher={Macmillan Publishers Ltd., London, England}
}

@article{friedman1996bias,
  title={Bias in computer systems},
  author={Friedman, Batya and Nissenbaum, Helen},
  journal={ACM Transactions on Information Systems (TOIS)},
  volume={14},
  number={3},
  pages={330--347},
  year={1996},
  publisher={ACM New York, NY, USA}
}

@inproceedings{li2014emperor,
  title={The emperor’s new password manager: Security analysis of web-based password managers},
  author={Li, Zhiwei and He, Warren and Akhawe, Devdatta and Song, Dawn},
  booktitle={23rd $\{$USENIX$\}$ Security Symposium ($\{$USENIX$\}$ Security 14)},
  pages={465--479},
  year={2014}
}

 @article{fagan_albayram_khan_buck_2017, title={An investigation into users’ considerations towards using password managers}, volume={7}, DOI={10.1186/s13673-017-0093-6}, number={1}, journal={Human-centric Computing and Information Sciences}, author={Fagan, Michael and Albayram, Yusuf and Khan, Mohammad Maifi and Buck, Ross}, year={2017}} 

@article{grassi_fenton_newton_perlner_regenscheid_burr_richer, title={Digital Identity Guidelines: Authentication and lifecycle management}, DOI={10.6028/nist.sp.800-63b}, author={Grassi, Paul A and Fenton, James L and Newton, Elaine M and Perlner, Ray A and Regenscheid, Andrew R and Burr, William E and Richer, Justin P and Lefkovitz, Naomi B and Danker, Jamie M and Choong, Yee-Yin and et al.}, year={2017}} 

@article{alodhyani_theodorakopoulos_reinecke_2020, title={Password managers—it’s All About Trust and Transparency}, volume={12}, DOI={10.3390/fi12110189}, number={11}, journal={Future Internet}, author={Alodhyani, Fahad and Theodorakopoulos, George and Reinecke, Philipp}, year={2020}, pages={189}} 

@article{jeong_jung_2021, title={MonoPass: A password manager without master password authentication}, DOI={10.1145/3397482.3450720}, journal={26th International Conference on Intelligent User Interfaces}, author={Jeong, Hyeonhak and Jung, Hyunggu}, year={2021}} 

@inproceedings{zhao2013security,
  title={A security analysis of two commercial browser and cloud based password managers},
  author={Zhao, Rui and Yue, Chuan and Sun, Kun},
  booktitle={2013 International Conference on Social Computing},
  pages={448--453},
  year={2013},
  organization={IEEE}
}

@misc{Security_2022, title={AES vs Des Encryption: Why AES has replaced DES, 3DES and TDEA}, url={https://www.precisely.com/blog/data-security/aes-vs-des-encryption-standard-3des-tdea}, journal={Precisely}, author={Security, Townsend}, year={2022}, month={Nov}} 

@misc{Gillis_2023, title={What is single-tenancy? how’s it different from multi-tenancy?}, url={https://www.techtarget.com/searchcloudcomputing/definition/single-tenancy}, journal={Cloud Computing}, publisher={TechTarget}, author={Gillis, Alexander S.}, year={2023}, month={Feb}} 

@misc{Fremery_2023, title={Inside the DNA of your master password - lastpass}, url={https://blog.lastpass.com/2023/03/inside-the-dna-of-your-master-password/#:~:text=As%20we%20mentioned%20earlier%2C%20your,stored%20in%20your%20encrypted%20vault.}, journal={The LastPass Blog}, author={Fremery, Rose de}, year={2023}, month={Mar}} 

@misc{Smallcombe_2019, title={PostgreSQL vs MySQL: The critical differences}, url={https://www.integrate.io/blog/postgresql-vs-mysql-which-one-is-better-for-your-use-case/}, journal={Integrate.io}, publisher={Integrate.io}, author={Smallcombe, Mark}, year={2019}, month={Jun}} 

@misc{Olawanletjoel_2022, title={CRUD operations – crud definition in programming}, url={https://www.freecodecamp.org/news/crud-operations-crud-definition-in-programming/}, journal={freeCodeCamp.org}, publisher={freeCodeCamp.org}, author={Olawanletjoel}, year={2022}, month={Oct}} 

@misc{Welekwe_2022, title={What is a rainbow table attack?}, url={https://www.comparitech.com/net-admin/rainbow-table-attack/}, journal={Comparitech}, author={Welekwe, Amakiri}, year={2022}, month={Jan}} 

@misc{Computer_Security_Division, title={Cryptographic standards and guidelines: CSRC}, url={https://csrc.nist.gov/projects/cryptographic-standards-and-guidelines}, journal={CSRC}, author={Computer Security Division, Information Technology Laboratory}} 

@misc{Yee_Editor_2022, title={6 common reasons people don’t use a password manager-and why they’re wrong}, url={https://www.pcworld.com/article/709052/6-common-reasons-people-dont-use-a-password-manager-and-why-theyre-wrong.html}, journal={PCWorld}, author={Yee, Alaina and Editor, Senior}, year={2022}, month={Jun}} 
